@ARTICLE{Luger2021,
       author = { {Luger}, Rodrigo and {Bedell}, Megan and {Foreman-Mackey}, Daniel and {Crossfield}, Ian J.~M. and {Zhao}, Lily L. and {Hogg}, David W.},
        title = "{Mapping stellar surfaces III: An Efficient, Scalable, and Open-Source Doppler Imaging Model}",
      journal = {arXiv e-prints},
     keywords = {Astrophysics - Solar and Stellar Astrophysics, Astrophysics - Earth and Planetary Astrophysics, Astrophysics - Instrumentation and Methods for Astrophysics},
         year = 2021,
        month = oct,
          eid = {arXiv:2110.06271},
        pages = {arXiv:2110.06271},
archivePrefix = {arXiv},
       eprint = {2110.06271},
 primaryClass = {astro-ph.SR},
       adsurl = {https://ui.adsabs.harvard.edu/abs/2021arXiv211006271L},
      adsnote = {Provided by the SAO/NASA Astrophysics Data System}
}

@article{numpyro,
  title={Composable Effects for Flexible and Accelerated Probabilistic Programming in NumPyro},
  author={Phan, Du and Pradhan, Neeraj and Jankowiak, Martin},
  journal={arXiv preprint arXiv:1912.11554},
  year={2019}
}

@article{pyro,
  author    = {Eli Bingham and
               Jonathan P. Chen and
               Martin Jankowiak and
               Fritz Obermeyer and
               Neeraj Pradhan and
               Theofanis Karaletsos and
               Rohit Singh and
               Paul A. Szerlip and
               Paul Horsfall and
               Noah D. Goodman},
  title     = {Pyro: Deep Universal Probabilistic Programming},
  journal   = {J. Mach. Learn. Res.},
  volume    = {20},
  pages     = {28:1--28:6},
  year      = {2019},
  url       = {http://jmlr.org/papers/v20/18-403.html}
}

@software{jax,
  author = {James Bradbury and Roy Frostig and Peter Hawkins and Matthew James Johnson and Chris Leary and Dougal Maclaurin and George Necula and Adam Paszke and Jake Vander{P}las and Skye Wanderman-{M}ilne and Qiao Zhang},
  title = {{JAX}: composable transformations of {P}ython+{N}um{P}y programs},
  url = {http://github.com/google/jax},
  version = {0.3.13},
  year = {2018},
}

@ARTICLE{2018AJ....156..123A,
       author = {{Astropy Collaboration} and {Price-Whelan}, A.~M. and
         {Sip{\H{o}}cz}, B.~M. and {G{\"u}nther}, H.~M. and {Lim}, P.~L. and
         {Crawford}, S.~M. and {Conseil}, S. and {Shupe}, D.~L. and
         {Craig}, M.~W. and {Dencheva}, N. and et al.},
        title = "{The Astropy Project: Building an Open-science Project and Status of the v2.0 Core Package}",
      journal = {\aj},
     keywords = {methods: data analysis, methods: miscellaneous, methods: statistical, reference systems, Astrophysics - Instrumentation and Methods for Astrophysics},
         year = 2018,
        month = sep,
       volume = {156},
       number = {3},
          eid = {123},
        pages = {123},
          doi = {10.3847/1538-3881/aabc4f},
archivePrefix = {arXiv},
       eprint = {1801.02634},
 primaryClass = {astro-ph.IM},
       adsurl = {https://ui.adsabs.harvard.edu/abs/2018AJ....156..123A},
      adsnote = {Provided by the SAO/NASA Astrophysics Data System}
}

@Article{         harris2020array,
 title         = {Array programming with {NumPy}},
 author        = {Charles R. Harris and K. Jarrod Millman and St{'{e}}fan J.
                 van der Walt and Ralf Gommers and Pauli Virtanen and David
                 Cournapeau and Eric Wieser and Julian Taylor and Sebastian
                 Berg and Nathaniel J. Smith and Robert Kern and Matti Picus
                 and Stephan Hoyer and Marten H. van Kerkwijk and Matthew
                 Brett and Allan Haldane and Jaime Fern{'{a}}ndez del
                 R{'{\i}}o and Mark Wiebe and Pearu Peterson and Pierre
                 G{'{e}}rard-Marchant and Kevin Sheppard and Tyler Reddy and
                 Warren Weckesser and Hameer Abbasi and Christoph Gohlke and
                 Travis E. Oliphant},
 year          = {2020},
 month         = sep,
 journal       = {Nature},
 volume        = {585},
 number        = {7825},
 pages         = {357--362},
 doi           = {10.1038/s41586-020-2649-2},
 publisher     = {Springer Science and Business Media {LLC}},
 url           = {https://doi.org/10.1038/s41586-020-2649-2}
}

@ARTICLE{2020SciPy-NMeth,
  author  = {Virtanen, Pauli and Gommers, Ralf and Oliphant, Travis E. and
            Haberland, Matt and Reddy, Tyler and Cournapeau, David and
            Burovski, Evgeni and Peterson, Pearu and Weckesser, Warren and
            Bright, Jonathan and {van der Walt}, St{\'e}fan J. and
            Brett, Matthew and Wilson, Joshua and Millman, K. Jarrod and
            Mayorov, Nikolay and Nelson, Andrew R. J. and Jones, Eric and
            Kern, Robert and Larson, Eric and Carey, C J and
            Polat, {\.I}lhan and Feng, Yu and Moore, Eric W. and
            {VanderPlas}, Jake and Laxalde, Denis and Perktold, Josef and
            Cimrman, Robert and Henriksen, Ian and Quintero, E. A. and
            Harris, Charles R. and Archibald, Anne M. and
            Ribeiro, Ant{\^o}nio H. and Pedregosa, Fabian and
            {van Mulbregt}, Paul and {SciPy 1.0 Contributors}},
  title   = {{{SciPy} 1.0: Fundamental Algorithms for Scientific
            Computing in Python}},
  journal = {Nature Methods},
  year    = {2020},
  volume  = {17},
  pages   = {261--272},
  adsurl  = {https://rdcu.be/b08Wh},
  doi     = {10.1038/s41592-019-0686-2},
}

@Article{Hunter:2007,
  Author    = {Hunter, J. D.},
  Title     = {Matplotlib: A 2D graphics environment},
  Journal   = {Computing in Science \& Engineering},
  Volume    = {9},
  Number    = {3},
  Pages     = {90--95},
  abstract  = {Matplotlib is a 2D graphics package used for Python for
  application development, interactive scripting, and publication-quality
  image generation across user interfaces and operating systems.},
  publisher = {IEEE COMPUTER SOC},
  doi       = {10.1109/MCSE.2007.55},
  year      = 2007
}
